@article{1TDM_DataAnalysis,
   title={XENON1T dark matter data analysis: Signal reconstruction, calibration, and event selection},
   volume={100},
   ISSN={2470-0029},
   url={http://dx.doi.org/10.1103/PhysRevD.100.052014},
   DOI={10.1103/physrevd.100.052014},
   number={5},
   journal={Physical Review D},
   publisher={American Physical Society (APS)},
   author={Aprile, E. and Aalbers, J. and Agostini, F. and Alfonsi, M. and Althueser, L. and Amaro, F. D. and Antochi, V. C. and Arneodo, F. and Baudis, L. and Bauermeister, B. and et al.},
   year={2019},
   month={Sep}
}

@mastersthesis{Bart,
   title={Position Reconstruction and Data Quality in XENON},
   school={University of Utrecht},
   url={https://dspace.library.uu.nl/handle/1874/322783},
   author={B. E. J. Pelssers},
   year={2015},
   month={July}
}

@article{DM_Hist,
   title={History of dark matter},
   volume={90},
   ISSN={1539-0756},
   url={http://dx.doi.org/10.1103/RevModPhys.90.045002},
   DOI={10.1103/revmodphys.90.045002},
   number={4},
   journal={Reviews of Modern Physics},
   publisher={American Physical Society (APS)},
   author={Bertone, Gianfranco and Hooper, Dan},
   year={2018},
   month={Oct}
}

@article{Xenon1t,
   title={First Dark Matter Search Results from the XENON1T Experiment},
   volume={119},
   ISSN={1079-7114},
   url={http://dx.doi.org/10.1103/PhysRevLett.119.181301},
   DOI={10.1103/physrevlett.119.181301},
   number={18},
   journal={Physical Review Letters},
   publisher={American Physical Society (APS)},
   author={Aprile, E. and Aalbers, J. and Agostini, F. and Alfonsi, M. and Amaro, F. D. and Anthony, M. and Arneodo, F. and Barrow, P. and Baudis, L. and Bauermeister, B. and et al.},
   year={2017},
   month={Oct}
}

@misc{nT_Projection,
    title={Projected WIMP Sensitivity of the XENONnT Dark Matter Experiment},
    author={The XENON collaboration and E. Aprile and J. Aalbers and F. Agostini and M. Alfonsi and L. Althueser and F. D. Amaro and V. C. Antochi and E. Angelino and J. R. Angevaare and F. Arneodo and D. Barge and L. Baudis and B. Bauermeister and L. Bellagamba and M. L. Benabderrahmane and T. Berger and A. Brown and E. Brown and S. Bruenner and G. Bruno and R. Budnik and C. Capelli and J. M. R. Cardoso and D. Cichon and B. Cimmino and M. Clark and D. Coderre and A. P. Colijn and J. Conrad and J. P. Cussonneau and M. P. Decowski and A. Depoian and P. Di Gangi and A. Di Giovanni and R. Di Stefano and S. Diglio and A. Elykov and G. Eurin and A. D. Ferella and W. Fulgione and P. Gaemers and R. Gaior and M. Galloway and F. Gao and L. Grandi and C. Hasterok and C. Hils and K. Hiraide and L. Hoetzsch and J. Howlett and M. Iacovacci and Y. Itow and F. Joerg and N. Kato and S. Kazama and M. Kobayashi and G. Koltman and A. Kopec and H. Landsman and R. F. Lang and L. Levinson and Q. Lin and S. Lindemann and M. Lindner and F. Lombardi and J. Long and J. A. M. Lopes and E. López Fune and C. Macolino and J. Mahlstedt and A. Mancuso and L. Manenti and A. Manfredini and F. Marignetti and T. Marrodán Undagoitia and K. Martens and J. Masbou and D. Masson and S. Mastroianni and M. Messina and K. Miuchi and K. Mizukoshi and A. Molinario and K. Morå and S. Moriyama and Y. Mosbacher and M. Murra and J. Naganoma and K. Ni and U. Oberlack and K. Odgers and J. Palacio and B. Pelssers and R. Peres and J. Pienaar and V. Pizzella and G. Plante and J. Qin and H. Qiu and D. Ramírez García and S. Reichard and A. Rocchetti and N. Rupp and J. M. F. dos Santos and G. Sartorelli and N. Šarčević and M. Scheibelhut and J. Schreiner and D. Schulte and M. Schumann and L. Scotto Lavina and M. Selvi and F. Semeria and P. Shagin and E. Shockley and M. Silva and H. Simgen and A. Takeda and C. Therreau and D. Thers and F. Toschi and G. Trinchero and C. Tunnell and K. Valerius and M. Vargas and G. Volta and H. Wang and Y. Wei and C. Weinheimer and M. Weiss and D. Wenz and C. Wittweg and Z. Xu and M. Yamashita and J. Ye and G. Zavattini and Y. Zhang and T. Zhu and J. P. Zopounidis},
    year={2020},
    eprint={2007.08796},
    archivePrefix={arXiv},
    primaryClass={physics.ins-det}
}

@article{GCNN_Kipf,
  author    = {Thomas N. Kipf and
               Max Welling},
  title     = {Semi-Supervised Classification with Graph Convolutional Networks},
  journal   = {CoRR},
  volume    = {abs/1609.02907},
  year      = {2016},
  url       = {http://arxiv.org/abs/1609.02907},
  archivePrefix = {arXiv},
  eprint    = {1609.02907},
  timestamp = {Mon, 13 Aug 2018 16:48:31 +0200},
  biburl    = {https://dblp.org/rec/journals/corr/KipfW16.bib},
  bibsource = {dblp computer science bibliography, https://dblp.org}
}
